@ARTICLE{Marinho2017,
AUTHOR={Marinho, A. T. and Eccel, R. and Carlson, R. C. 
        and  Kraus, W. K.},
TITLE={Calibração do modelo de consumo de combustível do simulador AIMSUN com 
dados coletados via OBD},
JOURNAL={Transportes (Rio de Janeiro)},
VOLUME= {26},
PAGES= {139--154},
YEAR={2018}
}

@inproceedings{Eccel2017,
author = {Eccel, R. and Carlson, R. C.},
title = {Avaliação de estratégias de espera e realozação para problemas
dinâmicos de coleta e entrega com janelas de tempo},
booktitle = {Anais do XXXI Congresso ANPET},
address = {Recife, PE},
year = {2017}
}

@inproceedings{Eccel2015,
  title={Problema de caronas: um modelo matemático considerando uma nova
  abordagem},
  author={Eccel, R. and Taglialenha, S. L. S.},
  booktitle={Anais do XXVIX Congresso ANPET},
  address = {Ouro Preto, MG},
  year={2015}
}
